<record><leader>00000cas a2200000 a 4500</leader><controlfield tag="001">32211338</controlfield><controlfield tag="008">950327d19371941cauwr ne      0    0eng c</controlfield><datafield ind1=" " ind2=" " tag="010"><subfield code="a">sn 95061056 </subfield></datafield><datafield ind1=" " ind2=" " tag="040"><subfield code="a">CNK</subfield><subfield code="b">eng</subfield><subfield code="c">CNK</subfield><subfield code="d">CNK</subfield><subfield code="d">OCLCQ</subfield><subfield code="d">OCLCF</subfield><subfield code="d">OCLCO</subfield></datafield><datafield ind1=" " ind2=" " tag="042"><subfield code="a">pcc</subfield></datafield><datafield ind1=" " ind2=" " tag="043"><subfield code="a">n-us-ca</subfield></datafield><datafield ind1="0" ind2="0" tag="245"><subfield code="a">Westwood Hills news-press.</subfield></datafield><datafield ind1=" " ind2=" " tag="260"><subfield code="a">Westwood Hills, Los Angeles, Calif. :</subfield><subfield code="b">Westwood Hills Pub.</subfield></datafield><datafield ind1=" " ind2=" " tag="300"><subfield code="a">v.</subfield></datafield><datafield ind1=" " ind2=" " tag="310"><subfield code="a">Weekly</subfield></datafield><datafield ind1="0" ind2=" " tag="362"><subfield code="a">11th year, no. 20 (Sept. 17, 1937)-15th year, no. 13 (July 25, 1941).</subfield></datafield><datafield ind1=" " ind2=" " tag="530"><subfield code="a">Master negatives are available for duplication from:</subfield><subfield code="b">California Newspaper Microfilm Archive;</subfield><subfield code="c">positive copies may be purchased by the reel; for further information consult the CNMA at:</subfield><subfield code="u">http://cbsr.ucr.edu</subfield></datafield><datafield ind1=" " ind2="0" tag="651"><subfield code="a">Westwood (Los Angeles, Calif.)</subfield><subfield code="v">Newspapers.</subfield></datafield><datafield ind1=" " ind2="7" tag="655"><subfield code="a">Newspapers.</subfield><subfield code="2">fast</subfield><subfield code="0">(OCoLC)fst01423814</subfield></datafield><datafield ind1=" " ind2="7" tag="651"><subfield code="a">California</subfield><subfield code="z">Los Angeles</subfield><subfield code="z">Westwood.</subfield><subfield code="2">fast</subfield><subfield code="0">(OCoLC)fst01317980</subfield></datafield><datafield ind1=" " ind2=" " tag="752"><subfield code="a">United States</subfield><subfield code="b">California</subfield><subfield code="c">Los Angeles</subfield><subfield code="d">Los Angeles.</subfield></datafield><datafield ind1="0" ind2="4" tag="780"><subfield code="t">Westwood Hills news</subfield><subfield code="w">(DLC)sn 95061025</subfield></datafield><datafield ind1="0" ind2="4" tag="780"><subfield code="t">Westwood Hills press (Westwood, Los Angeles, Calif. : 1933)</subfield><subfield code="w">(DLC)sn 95061020</subfield></datafield><datafield ind1="0" ind2="0" tag="785"><subfield code="t">Westwood Hills press (Westwood, Los Angeles, Calif. : 1941)</subfield><subfield code="w">(DLC)sn 85040228</subfield></datafield></record>